@incollection{AcemogluAutor2011,
  author    = {Acemoglu, Daron and Autor, David},
  title     = {Skills, Tasks and Technologies: Implications for Employment and Earnings},
  booktitle = {Handbook of Labor Economics},
  editor    = {Ashenfelter, Orley and Card, David},
  volume    = {4B},
  pages     = {1043--1171},
  publisher = {Elsevier},
  address   = {Amsterdam},
  year      = {2011}
}

@techreport{AcemogluRestrepo2018,
  author      = {Acemoglu, Daron and Restrepo, Pascual},
  title       = {Artificial Intelligence, Automation, and Work},
  institution = {National Bureau of Economic Research},
  type        = {Working Paper},
  number      = {24196},
  year        = {2018},
  url         = {https://www.nber.org/system/files/working_papers/w24196/w24196.pdf}
}

@article{AutorLevyMurnane2003,
  author  = {Autor, David H. and Levy, Frank and Murnane, Richard J.},
  title   = {The Skill Content of Recent Technological Change: An Empirical Exploration},
  journal = {The Quarterly Journal of Economics},
  volume  = {118},
  number  = {4},
  pages   = {1279--1333},
  year    = {2003},
  url     = {https://economics.mit.edu/sites/default/files/publications/the%20skill%20content%202003.pdf}
}

@techreport{BessenEtAl2020,
  author      = {Bessen, James and Goos, Maarten and Salomons, Anna and van den Berge, Wiljan},
  title       = {{AI} and Jobs: Evidence from Online Vacancies},
  institution = {CEPR Discussion Paper No. DP14327},
  year        = {2020},
  url         = {https://shapingwork.mit.edu/wp-content/uploads/2023/10/Paper_Artificial-Intelligence-and-Jobs-Evidence-from-Online-Vacancies.pdf}
}

@book{BrynjolfssonMcAfee2014,
  author    = {Brynjolfsson, Erik and McAfee, Andrew},
  title     = {The Second Machine Age: Work, Progress, and Prosperity in a Time of Brilliant Technologies},
  publisher = {W.W. Norton \& Company},
  address   = {New York},
  year      = {2014},
  url       = {https://edisciplinas.usp.br/pluginfile.php/4312922/mod_resource/content/2/Erik%20-%20The%20Second%20Machine%20Age.pdf}
}

@article{ChowdheryEtAl2022,
  author  = {Chowdhery, Aakanksha and Narang, Sharan and Devlin, Jacob and others},
  title   = {{PaLM}: Scaling Language Modeling with Pathways},
  journal = {Journal of Machine Learning Research},
  volume  = {24},
  pages   = {1--67},
  year    = {2023},
  note    = {Paper No. 37},
  url     = {https://jmlr.org/papers/v24/22-0796.html}
}

@article{DamioliEtAl2021,
  author  = {Damioli, Giacomo and van Roy, Vincent and Vértesy, Dániel},
  title   = {The Impact of Artificial Intelligence on Labor Productivity},
  journal = {Eurasian Business Review},
  volume  = {11},
  pages   = {1--25},
  year    = {2021},
  doi     = {10.1007/s40821-020-00172-8},
  url     = {https://doi.org/10.1007/s40821-020-00172-8}
}

@article{FrankEtAl2019,
  author  = {Frank, Morgan R. and Autor, David and Bessen, James E. and Brynjolfsson, Erik and Cebrian, Manuel and Deming, David J. and Feldman, Maryann P. and Groh, Matthew and Lobo, José and Moro, Esteban and Wang, Dashun and Youn, Hyejin and Rahwan, Iyad},
  title   = {Toward Understanding the Impact of Artificial Intelligence on Labor},
  journal = {Proceedings of the National Academy of Sciences},
  volume  = {116},
  number  = {14},
  pages   = {6531--6539},
  year    = {2019},
  doi     = {10.1073/pnas.1900949116},
  url     = {https://doi.org/10.1073/pnas.1900949116}
}

@misc{Freelancer2023,
  author       = {Freelancer},
  title        = {Company Overview},
  year         = {2023},
  howpublished = {\url{https://www.freelancer.com/about}}
}

@incollection{Green2023,
  author    = {Green, Anne},
  title     = {Artificial Intelligence and Jobs: No Signs of Slowing Labour Demand (Yet)},
  booktitle = {OECD Employment Outlook 2023},
  chapter   = {3},
  publisher = {OECD Publishing},
  year      = {2023},
  url       = {https://www.oecd-ilibrary.org/sites/08785bba-en/index.html}
}

@article{KarEtAl2023,
  author  = {Kar, Surojit and Roy, Chandranath and Das, Moumita and Mullick, Subrata and Saha, Ranjan},
  title   = {{AI} Horizons: Unveiling the Future of Generative Intelligence},
  journal = {International Journal of Advanced Research in Science, Communication and Technology},
  volume  = {13},
  number  = {2},
  pages   = {1--10},
  year    = {2023},
  doi     = {10.48175/ijarsct-12969},
  url     = {https://doi.org/10.48175/ijarsct-12969}
}

@article{KatzKrueger2019,
  author  = {Katz, Lawrence F. and Krueger, Alan B.},
  title   = {The Rise and Nature of Alternative Work Arrangements in the United States, 1995–2015},
  journal = {ILR Review},
  volume  = {72},
  number  = {2},
  pages   = {382--416},
  year    = {2019},
  doi     = {10.1177/0019793918820008},
  url     = {https://www.nber.org/system/files/working_papers/w22667/w22667.pdf}
}

@incollection{Keynes1930,
  author    = {Keynes, John Maynard},
  title     = {Economic Possibilities for Our Grandchildren},
  booktitle = {Essays in Persuasion},
  publisher = {Macmillan \& Co., Ltd},
  address   = {London},
  year      = {1930},
  url       = {http://www.econ.yale.edu/smith/econ116a/keynes1.pdf}
}

@article{Necula2023,
  author  = {Necula, Silvia},
  title   = {Artificial Intelligence Impact on the Labour Force---Searching for the Analytical Skills of the Future Software Engineers},
  journal = {arXiv preprint arXiv:2302.13229},
  year    = {2023},
  url     = {https://doi.org/10.48550/arXiv.2302.13229}
}

@article{Nilsson1984,
  author  = {Nilsson, Nils J.},
  title   = {Artificial Intelligence, Employment, and Income},
  journal = {AI Magazine},
  volume  = {5},
  number  = {2},
  pages   = {5--14},
  year    = {1984},
  url     = {https://ai.stanford.edu/~nilsson/OnlinePubs-Nils/General%20Essays/AIMag05-02-002.pdf}
}

@article{Park2023,
  author  = {Park, Seong Ho},
  title   = {Use of Generative Artificial Intelligence, Including Large Language Models Such as ChatGPT, in Scientific Publications: Policies of {KJR} and Prominent Authorities},
  journal = {Korean Journal of Radiology},
  volume  = {24},
  number  = {8},
  pages   = {715--718},
  year    = {2023},
  doi     = {10.3348/kjr.2023.0643},
  url     = {https://doi.org/10.3348/kjr.2023.0643}
}

@misc{EconomicTimes2023,
  author       = {The Economic Times},
  title        = {What is 'Freelancer'},
  year         = {2023},
  howpublished = {\url{https://economictimes.indiatimes.com/definition/freelancer}}
}

@article{ZhaoEtAl2023,
  author  = {Zhao, Wayne Xin and Sch{\"a}fer, Alexander and others},
  title   = {A Survey of Large Language Models},
  journal = {arXiv preprint arXiv:2303.18223},
  year    = {2023},
  url     = {https://doi.org/10.48550/arXiv.2303.18223}
}
